@article{Krizhevsky:2012wl,
author = {Krizhevsky, Alex and Sutskever, Ilya and Hinton, Geoffrey E},
title = {{ImageNet Classification with Deep Convolutional Neural Networks.}},
journal = {NIPS},
year = {2012},
read = {Yes},
rating = {0},
date-added = {2017-06-30T06:26:37GMT},
date-modified = {2018-03-06T01:05:52GMT},
url = {http://papers.nips.cc/paper/4824-imagenet-classification-with-deep-convolutional-neural-networks},
local-url = {file://localhost/Users/Alex/Library/Mobile%20Documents/com~apple~CloudDocs/Apps/Papers%20Library/Files/FC/FC4902A0-B49A-445A-8B99-98D460968DFF.pdf},
file = {{FC4902A0-B49A-445A-8B99-98D460968DFF.pdf:/Users/Alex/Library/Mobile Documents/com~apple~CloudDocs/Apps/Papers Library/Files/FC/FC4902A0-B49A-445A-8B99-98D460968DFF.pdf:application/pdf}},
uri = {\url{papers3://publication/uuid/3A6A6970-1BB4-4D4B-BD66-7052314D491B}}
}

