%% Created using Papers on Wed, 06 Dec 2017.
%% http://papersapp.com/papers/

@inproceedings{Jin:2016jd,
author = {Jin, Cheok Ming and Omar, Zaid and Jaward, Mohamed Hisham},
title = {{A mobile application of American sign language translation via image processing algorithms}},
booktitle = {2016 IEEE Region 10 Symposium (TENSYMP)},
year = {2016},
pages = {104--109},
publisher = {IEEE}
}

@article{Smeulders:2000tx,
author = {Smeulders, Arnold W M and Worring, Marcel and Santini, Simone and Gupta, Amarnath and Jain, Ramesh C},
title = {{Content-Based Image Retrieval at the End of the Early Years.}},
journal = {IEEE Trans. Pattern Anal. Mach. Intell.},
year = {2000}
}

@article{Lowe:2004kp,
author = {Lowe, David G},
title = {{Distinctive Image Features from Scale-Invariant Keypoints.}},
journal = {International Journal of Computer Vision},
year = {2004},
volume = {60},
number = {2},
pages = {91--110}
}

@article{Girshick:2015vr,
author = {Girshick, Ross B},
title = {{Fast R-CNN.}},
journal = {ICCV},
year = {2015}
}

@article{Ren:2017ug,
author = {Ren, Shaoqing and He, Kaiming and Girshick, Ross B and 0001, Jian Sun},
title = {{Faster R-CNN - Towards Real-Time Object Detection with Region Proposal Networks.}},
journal = {IEEE Trans. Pattern Anal. Mach. Intell.},
year = {2017}
}

@article{Lecun:1998hy,
author = {LeCun, Y and Bottou, L and Bengio, Y and Haffner, P},
title = {{Gradient-based learning applied to document recognition}},
journal = {Proceedings of the IEEE},
year = {1998},
volume = {86},
number = {11},
pages = {2278--2324}
}

@article{Krizhevsky:2012wl,
author = {Krizhevsky, Alex and Sutskever, Ilya and Hinton, Geoffrey E},
title = {{ImageNet Classification with Deep Convolutional Neural Networks.}},
journal = {NIPS},
year = {2012}
}

@article{He:2017ud,
author = {He, Kaiming and Gkioxari, Georgia and Doll{\'a}r, Piotr and Girshick, Ross B},
title = {{Mask R-CNN.}},
journal = {CoRR},
year = {2017}
}

@article{Tsai:2010cn,
author = {Tsai, Sam S and Chen, David M and Chandrasekhar, Vijay and Takacs, Gabriel and Cheung, Ngai-Man and Vedantham, Ramakrishna and Grzeszczuk, Radek and Girod, Bernd},
title = {{Mobile product recognition.}},
journal = {ACM Multimedia},
year = {2010}
}

@article{Girod:2011gw,
author = {Girod, Bernd and Chandrasekhar, Vijay and Chen, David and Cheung, Ngai-Man and Grzeszczuk, Radek and Reznik, Yuriy and Takacs, Gabriel and Tsai, Sam and Vedantham, Ramakrishna},
title = {{Mobile Visual Search}},
journal = {IEEE Signal Processing Magazine},
year = {2011},
volume = {28},
number = {4},
pages = {61--76}
}

@article{Takacs:2008cg,
author = {Takacs, Gabriel and Chandrasekhar, Vijay and Gelfand, Natasha and Xiong, Yingen and Chen, Wei-Chao and Bismpigiannis, Thanos and Grzeszczuk, Radek and Pulli, Kari and Girod, Bernd},
title = {{Outdoors augmented reality on mobile phone using loxel-based visual feature organization.}},
journal = {Multimedia Information Retrieval},
year = {2008}
}

@inproceedings{Girshick:2014jx,
author = {Girshick, Ross and Donahue, Jeff and Darrell, Trevor and Malik, Jitendra},
title = {{Rich Feature Hierarchies for Accurate Object Detection and Semantic Segmentation}},
booktitle = {2014 IEEE Conference on Computer Vision and Pattern Recognition (CVPR)},
year = {2014},
pages = {580--587},
publisher = {IEEE}
}

@article{Bay:2008ud,
author = {Bay, Herbert and Ess, Andreas and Tuytelaars, Tinne and Van Gool, Luc J},
title = {{Speeded-Up Robust Features (SURF).}},
journal = {Computer Vision and Image Understanding},
year = {2008}
}

@article{Sivic:2003tj,
author = {Sivic, Josef and Zisserman, Andrew},
title = {{Video Google - A Text Retrieval Approach to Object Matching in Videos.}},
journal = {ICCV},
year = {2003}
}

